% Références bibliographiques du PER

@techreport{AA12,
    hal_id = {hal-00659880},
    url = {http://hal.inria.fr/hal-00659880},
    title = {{The Tulip 3 Framework: A Scalable Software Library for Information Visualization Applications Based on Relational Data}},
    author = {Auber, D. and Archambault, D. and Bourqui, R. and Lambert, A. and Mathiaut, M. and Mary, P. and Delest, M. and Dubois, J. and Melan{\c c}on, G.},
    affiliation = {Laboratoire Bordelais de Recherche en Informatique - LaBRI , GRAVITE - INRIA Bordeaux - Sud-Ouest , Clique Strategic Research Cluster - Clique},
    pages = {31},
    type = {Rapport de recherche},
    institution = {INRIA},
    number = {RR-7860},
    year = {2012},
    month = Jan,
    pdf = {http://hal.inria.fr/hal-00659880/PDF/RR-7860.pdf},
}

@article{De34,
    author = {Delaunay, Boris N.},
    citeulike-article-id = {1468422},
    journal = {Bulletin of Academy of Sciences of the USSR},
    number = {6},
    pages = {793--800},
    posted-at = {2007-07-20 10:17:44},
    priority = {2},
    title = {{Sur la sph\`{e}re vide}},
    year = {1934}
}

@inproceedings{GH08,
	author={Gansner, Emden R. and Hu,Yifan},
	bibsource={DBLP, http://dblp.uni-trier.de},
	booktitle={Graph Drawing},
	crossref={DBLP:conf/gd/2008},
	ee={http://dx.doi.org/10.1007/978-3-642-00219-9_20},
	pages={206-217},
	title={Efficient Node Overlap Removal Using a Proximity Stress Model},
	year=2008
}

@INPROCEEDINGS{JT92,
    author = {Jerzy W. Jaromczyk and Godfried T. Toussaint},
    title = {Relative Neighborhood Graphs and Their Relatives},
    booktitle = {Proc. IEEE},
    year = {1992},
    pages = {1502--1517}
}

@article{KK89,
    address = {Amsterdam, The Netherlands, The Netherlands},
    author = {Kamada, T. and Kawai, S.},
    citeulike-article-id = {258699},
    citeulike-linkout-0 = {http://portal.acm.org/citation.cfm?id=63830},
    citeulike-linkout-1 = {http://dx.doi.org/10.1016/0020-0190(89)90102-6},
    citeulike-linkout-2 = {http://www.sciencedirect.com/science/article/B6V0F-48CP4C8-4/2/e6715f311182e02253939e6d08018ac9},
    doi = {10.1016/0020-0190(89)90102-6},
    issn = {00200190},
    journal = {Information Processing Letters},
    keywords = {social-netwrok-visualization},
    month = apr,
    number = {1},
    pages = {7--15},
    posted-at = {2005-07-17 20:43:15},
    priority = {3},
    publisher = {Elsevier North-Holland, Inc.},
    title = {{An algorithm for drawing general undirected graphs}},
    url = {http://dx.doi.org/10.1016/0020-0190(89)90102-6},
    volume = {31},
    year = {1989}
}

@article{Kr64,
    author = {Kruskal, J. B.},
    doi = {10.1007/bf02289565},
    issn = {0033-3123},
    journal = {Psychometrika},
    keywords = {mds},
    month = mar,
    number = {1},
    pages = {1--27},
    publisher = {Springer New York},
    title = {{Multidimensional scaling by optimizing goodness of fit to a nonmetric hypothesis}},
    url = {http://dx.doi.org/10.1007/bf02289565},
    volume = {29},
    year = {1964}
}