% Références bibliographiques du PER

@inproceedings{GH08,
	author={Gansner Emden R. and Hu Yifan},
	bibsource={DBLP, http://dblp.uni-trier.de},
	booktitle={Graph Drawing},
	crossref={DBLP:conf/gd/2008},
	ee={http://dx.doi.org/10.1007/978-3-642-00219-9_20},
	pages={206-217},
	title={Efficient Node Overlap Removal Using a Proximity Stress Model},
	year=2008,
}


